@Article{RamMuk2002,
 author = {Ramamurthy, R. and Mukherjee, B.},
 title = {Fixed-alternate routing and wavelength conversion in wavelength-routed optical networks},
 journal = {IEEE/ACM Trans. Netw.},
 volume = {10},
 number = {3},
 year = {2002},
 issn = {1063-6692},
 pages = {351--367},
 doi = {http://dx.doi.org/10.1109/TNET.2002.1012367},
 publisher = {IEEE Press},
 address = {Piscataway, NJ, USA},
 }


@Article{DrumFon,
 author = {Drummond, A. and Fonseca, N. L. S. da},
 title = {A Fixed-Parameter Tractable Approach for the Wavelength Assignment Problem in Transparent Networks},
 journal = {IEEE Communications Letters.},
 year = {2008},
}

@INPROCEEDINGS{Downey,
    author = {Downey, R. G.},
    title = {Parameterized complexity for the skeptic},
    booktitle = {In Proc. 18th IEEE Annual Conference on Computational Complexity},
    year = {2003},
    pages = {147--169}
}
